@article{Guerrero:2011,
  author = 	{Guerrero-Castellanos, J. F. and Marchand, N. and Hably, A. and Lesecq, S. and Delamare, J.},
  title = 	{Bounded attitude control of rigid bodies: Real-time experimentation to a quadrotor mini-helicopter},
  journal = 	{Control Engineering Practice},
  year = 	{2011},
  volume = 	{19},
  pages = 	{790-797},
}

@CONFERENCE{Cruz:2012,
  author = {Cruz-Jos\'{e}, R. and Guerrero-Castellanos, J. F. and Guerrero-S\'{a}nchez, W. F. and Oliveros-Oliveros, J. J.},
  title = {Estabilizaci\'{o}n global de mini naves a\'{e}reas tipo VTOL},
  booktitle = {Congreso Nacional de Control Autom\'{a}tico},
  address = {Campeche, M\'{e}xico},
  year = {2012},
}

@Book{Cho:2002,
  Title                    = {Dynamics and control of a underactuated multibody spacecraft},
  Author                   = {Sangbum, C.},
  Publisher                = {PhD. Thesis Report},
  school		           = {University of Michigan},
  Year                     = {2002},
}

@inproceedings{yuksel:20166,
author={Yüksel, B. and Buondonno, G. and Franchi, A.},
booktitle={2016 IEEE/RSJ International Conference on Intelligent Robots and Systems (IROS)},
title={Differential flatness and control of protocentric aerial manipulators with any number of arms and mixed rigid-/elastic-joints},
year={2016},
pages={561-566},
month={Oct},}

@INPROCEEDINGS{staub:2016,
author={Yüksel, B. and Staub, N. and Franchi, A.},
booktitle={2016 IEEE/RSJ International Conference on Intelligent Robots and Systems (IROS)},
title={Aerial robots with rigid/elastic-joint arms: Single-joint controllability study and preliminary experiments},
year={2016},
pages={1667-1672},
month={Oct},}

@INPROCEEDINGS{tognon:2017,
author={Tognon, M. and Yüksel, B. and Buondonno, G. and Franchi, A.},
booktitle={2017 IEEE International Conference on Robotics and Automation (ICRA)},
title={Dynamic Decentralized Control for Protocentric Aerial Manipulators},
year={2017},
month={May},}

@inproceedings{heredia:2014,
  title={Control of a multirotor outdoor aerial manipulator},
  author={Heredia, G. and Jimenez-Cano, A. E. and Sanchez, I. and Llorente, D. and Vega, V. and Braga, J. and Acosta, J. A. and Ollero, A.},
  booktitle={Intelligent Robots and Systems (IROS 2014), 2014 IEEE/RSJ International Conference on},
  pages={3417-3422},
  year={2014},
  organization={IEEE}
}

@inproceedings{kondak:2014,
  title={Aerial manipulation robot composed of an autonomous helicopter and a 7 degrees of freedom industrial manipulator},
  author={Kondak, K. and Huber, F. and Schwarzbach, M. and Laiacker, M. and Sommer, D. and Bejar, M. and Ollero, A.},
  booktitle={Robotics and Automation (ICRA), 2014 IEEE International Conference on},
  pages={2107-2112},
  year={2014},
  organization={IEEE}
}

@phdthesis{phdguerrero:2008,
	author		= {Guerrero-Castellanos, J. F.},
	title		= {Estimation de l\textquotesingle attitude et commande en attitude d\textquotesingle un corps rigide : application à un mini h\'{e}licoptère à quatre rotors},
	school		= {Universit\'{e} Joseph Fourier-Grenoble I},
	year		= {2008},
	month		= {January},
}

@CONFERENCE{Guerrero:2008,
  author = {Guerrero-Castellanos, J. F. and Marchand, N. and Lesecq, S. and Delamare, J.},
  title = {Bounded attitude stabilization: Real-time Application on four-rotor mini-helicopter},
  booktitle = {17th IFAC World Congress},
  address = {Seoul, Korea},
  year = {2008},
}

@ARTICLE{Dixon:1999,
  author = 	{Dixon, W. E. and Queiroz, M. S. and Zhang F. and Dawson, D. M.},
  title = 	{Tracking Control of Robot Manipulators with Bounded Torque Inputs},
  journal = 	{Robotica},
  year = 	{1999},
  volume = 	{17},
  pages = 	{121-129},
}

@BOOK{Spong:2004,
  title = 	{Robot Dynamics and Control},
  publisher = 	{JOHN WILEY and SONS, INC.},
  author = 	{Spong, M. W. and Hutchinson, S. and Vidyasagar M.},
  year = 	{2004},
  pages =        {20-25},
}

@article{parra:2003,
  title={Dynamic sliding PID control for tracking of robot manipulators: theory and experiments},
  author={Parra-Vega, V. and Arimoto, S. and Liu, Y. and Hirzinger, G. and Akella, P.},
  journal={IEEE Transactions on Robotics and Automation},
  volume={19},
  number={6},
  pages={967-976},
  year={2003},
  publisher={IEEE}
}

@article{slotine:1987,
  title={On the adaptive control of robot manipulators},
  author={Slotine, J. E. and Li, W.},
  journal={The international journal of robotics research},
  volume={6},
  number={3},
  pages={49-59},
  year={1987},
  publisher={Sage Publications}
}

@article{raibert:1981,
  title={Hybrid position/force control of manipulators},
  author={Raibert, M. H. and Craig, J. J.},
  journal={Journal of Dynamic Systems, Measurement, and Control},
  volume={103},
  number={2},
  pages={126--133},
  year={1981},
  publisher={American Society of Mechanical Engineers}
}

@ARTICLE{Khatib:1987,
author={Khatib, O.},
journal={IEEE Journal on Robotics and Automation},
title={A unified approach for motion and force control of robot manipulators: The operational space formulation},
year={1987},
volume={3},
number={1},
pages={43-53},
keywords={Force control;Motion control;Control system analysis;Control systems;Equations;Force control;Kinematics;Manipulator dynamics;Motion analysis;Motion control;Orbital robotics;Robot sensing systems},
doi={10.1109/JRA.1987.1087068},
ISSN={0882-4967},
month={February},}

@BOOK{Lewis:2004,
  title = 	{Robot Manipulator Control: Theory and Practice},
  publisher = 	{Marcel Dekker, Inc.},
  author = 	{Lewis, F. L. and Dawson, D. M. and Abdallah C. T.},
  year = 	{2004},
  pages =        {5-10},
}

@CONFERENCE{Kondak:2007,
  author = {Kondak, K. and Markus, B. and Meyer, N. and Hommel, G.},
  title = {Autonomously flying VTOL robots: Modeling and control},
  booktitle = {IEEE International Conference on Robotics and Automation},
  year = {2007},
}

@CONFERENCE{Bouabdallah:2005,
  author = {Bouabdallah, S. and Sierwart, R.},
  title = {Backstepping and sliding-mode techniques applied to an indoor micro quadrotor},
  booktitle = {IEEE International Conference on Intelligent Robot and Automation},
  year = {2005},
}

@INPROCEEDINGS{Abdelaziz:2006,
  author = 	{Madani, T. and Benallegue, A.},
  title = 	{Control of a quadrotor mini-helicopter via full state backstepping technique},
  booktitle = {45th IEEE Conference on Decision and Control},
  pages={1515-1520},
  year = {2006},
}

@INPROCEEDINGS{Wu:2010,
  author = 	{Yali, Y. and Changhong, J. and Haiwei, W.},
  title = 	{Backstepping control of each channel for a quadrotor aerial robot},
  booktitle = {2010 International Conference on Computer, Mechatronics, Control and Electronic Engineering},
  year = {2010},
  volume={3},
  month={Aug},
}

@article{Zheng:2014,
  author = 	{Zheng, E. H. and Xiong, J. J. and Luo, J. L.},
  title = 	{Second order sliding mode control for a quadrotor UAV},
  journal = 	{ISA Transactions},
  year = 	{2014},
  volume = 	{53},
  pages = 	{1350 - 1356},
  issn = {0019-0578},
}

@inproceedings{erginer:2007,
  title={Modeling and PD control of a quadrotor VTOL vehicle},
  author={Bora, E. and Erdinc, A.},
  booktitle={2007 IEEE Intelligent Vehicles Symposium},
  pages={894-899},
  year={2007},
  organization={IEEE}
}

@inproceedings{li:2011,
  title={Dynamic analysis and PID control for a quadrotor},
  author={Jun, L. and Yuntang, L.},
  booktitle={2011 IEEE International Conference on Mechatronics and Automation},
  pages={573-578},
  year={2011},
  organization={IEEE}
}

@inproceedings{hoffmann:2007,
  title={Quadrotor helicopter flight dynamics and control: Theory and experiment},
  author={Hoffmann, G. M. and Huang, H. and Waslander, S. L. and Tomlin, C. J.},
  booktitle={Proc. of the AIAA Guidance, Navigation, and Control Conference},
  volume={2},
  pages={4},
  year={2007}
}

@BOOK{Nelson:1998,
  title = {Flight Stability and Automatic Control},
  publisher = {McGraw-Hill},
  author = {Nelson, R. C.},
  year = {1998},
  volume = {second edition},
  address = {Boston}
}

@INPROCEEDINGS{palunko:2012,
author={Palunko, I. and Fierro, R. and Cruz, P.},
booktitle={2012 IEEE International Conference on Robotics and Automation},
title={Trajectory generation for swing-free maneuvers of a quadrotor with suspended payload: A dynamic programming approach},
year={2012},
pages={2691-2697},
month={May},}

@INPROCEEDINGS{pounds:2011,
author={Pounds, P. and Bersak, D. and Dollar A.},
booktitle={2011 IEEE International Conference on Robotics and Automation},
title={Grasping from the air: hovering capture and load stability},
year={2011},
pages={2491-2498},
month={May},}

@INPROCEEDINGS{Mellinger:2010,
  author = 	{Mellinger, D. and Shomin, M. and Kumar, V.},
  title = 	{Cooperative grasping and transport using multiple quadrotors},
  booktitle = {International Symposium on Distributed Autonomous Systems},
  address = {Lausanne, Switzerland},
  year = {2010},
}

@ARTICLE{Michael:2011,
  author = 	{Michael, N. and Fink, J. and Kumar V.},
  title = 	{Cooperative manipulation and transportation with aerial robots},
  journal = 	{Autonomous Robots},
  year = 	{2011},
  volume = 	{30},
  pages = 	{73-86},
}

@ARTICLE{Orsag:2013b,
  author = 	{Orsag, M. and Korpela, C. and Oh, P.},
  title = 	{Modeling and control of mm-uav:Mobile manipulating unmanned aerial vehicle},
  journal = 	{Journal of Intel Robot Sys},
  year = 	{2013b},
  volume = 	{69},
  pages = 	{227-240},
}

@CONFERENCE{Khalifa:2012,
  author = {Khalifa, A. and Fanni, M. and Ramadan, A. and Abo-Ismail, A.},
  title = {Modeling and control of a new quadrotor manipulation system},
  booktitle = {2012 First International Conference on Innovative Enginerring Systems (ICIES)},
  year = {2012},
  pages = 	{109-114},
 }

@CONFERENCE{Orsag:2013a,
  author = {Orsag, M. and Korpela, C. and Bogdan, S. and Oh, P.},
  title = {Lyapunov based model reference adaptive control for aerial manipulation},
  booktitle = {2013 International Conference on Unmanned Aircraft Systems (ICUAS)},
  year = {2013a},
  pages = 	{966-973},
 }

@CONFERENCE{Ghadiok:2011,
  author = {Ghadiok, V. and Goldin, J. and Ren, W.},
  title = {Autonomous indoor aerial gripping using a quadrotor.},
  booktitle = {2011 IEEE/RSJ International Conference on Intelligent Robots and Systems},
  year = {2011},
  pages = 	{4645-4651},
 }


 @ARTICLE{Ghadiok:2012,
  author = 	{Ghadiok, V. and Goldin, J. and Ren, W.},
  title = 	{On the design and development of attitude stabilization, vision-based navigation, and aerial gripping for a low-cost quadrotor},
  journal = 	{Autonomous Robots},
  year = 	{2012},
  volume = 	{33},
  pages = 	{41-68},
}

@INPROCEEDINGS{Lipiello:2012a,
  author = 	{Lipiello, V. and Ruggiero, F},
  title = 	{Cartesian impedance control of a uav with a robotic arm},
  booktitle = {10th IFAC Symposium on Robot Control},
  year = {2012a},
}

@CONFERENCE{Lipiello:2012b,
  author = {Lipiello, V. and Ruggiero, F},
  title = {Exploiting redundancy in cartesian impedance control of UAVs equipped with a robotic arm},
  booktitle = {2012 IEEE/RSJ International Conference on Intelligent Robots and Systems},
  year = {2012b},
  pages = 	{3768-3773},
 }

 @CONFERENCE{Jimenez-Cano:2013,
  author = {Jimenez-Cano, A.E. and Martin, J. and Heredia, G. and Ollero, A. and Cano, R.},
  title = {Control of an aerial robot with multi-link arm for assembly tasks},
  booktitle = {2013 IEEE International Conference on Robotics and Automation},
  year = {2013},
  pages = 	{4916-4921},
 }

 @ARTICLE{Shuster:93,
  author = 	{Shuster, M. D.},
  title = 	{A survey of attitude representations},
  journal = 	{Journal of the Astronautical Sciences},
  year = 	{1993},
  volume = 	{41},
  pages = 	{439-517},
}

@BOOK{Kelly:2003,
  title = {Control de Movimiento de Robots Manipuladores},
  publisher = {PERSON-Prentice Hall},
  author = {Kelly, R. and Santiba\~{n}ez, V.},
  year = {2003},
  pages = {59-63},
}

@CONFERENCE{Kendoul:2005,
  author = {Kendoul, F. and Fantoni, I. and Lozano, R.},
  title = {Modeling and control of a small aircraft having two tilting rotors},
  booktitle = {44th IEEE conference on decision and control and European control conference},
  year = {2005},
}

@CONFERENCE{Castillo:2004,
  author = {Castillo, P. and Dzul, A. and Lozano, R.},
  title = {Real-time stabilization and tracking of a four rotor mini rotorcraft},
  booktitle = {IEEE Transactions on Control Systems Technology},
  year = {2004},
  volume = 	{12},
  pages = 	{510-516}
}

@CONFERENCE{Joshi:1995,
  author = {Joshi, S. M. and Kelkar, A. G. and Wen, J. T.},
  title = {Robust attitude stabilization of spacecraft using nonlinear quaternion feedback},
  booktitle = {IEEE Transactions on Automatic Control},
  year = {1995},
  volume = 	{40},
  pages = 	{1800-1803}
}

@BOOK{Olfati:2001,
  title = 	{Nonlinear control of underactuated mechanical systems with application to robotics and aaerospace vehicles},
  publisher = 	{PhD. Thesis Report},
  author = 	{Olfati-Saber, R.},
  year = 	{2001},
}

@ARTICLE{Zavala:2003,
  author = 	{Zavala, A. and Fantoni, I. and Lozano, R.},
  title = 	{Global stabilization of a PVTOL aircraft model with bounded inputs},
  journal = 	{International Journal of Control},
  year = 	{2003},
  volume = 	{76},
  pages = 	{1833-1844},
}

@BOOK{Fossen:1994,
  title = 	{Guidance and Control of Ocean Vehicles},
  publisher = 	{John Wiley and Sons},
  author = 	{Fossen, T. I.},
  address = {New York},
  year = 	{1994},
}

@inproceedings{korpela:2014,
  title={Towards valve turning using a dual-arm aerial manipulator},
  author={Korpela, C. and Orsag, M. and Oh, P.},
  booktitle={Intelligent Robots and Systems (IROS 2014), 2014 IEEE/RSJ International Conference on},
  pages={3411-3416},
  year={2014},
  organization={IEEE}
}

@inproceedings{thomas:2014,
  title={Toward image based visual servoing for aerial grasping and perching},
  author={Thomas, J. and Loianno, G. and Sreenath, K. and Kumar, V.},
  booktitle={Robotics and Automation (ICRA), 2014 IEEE International Conference on},
  pages={2113-2118},
  year={2014},
  organization={IEEE}
}

@inproceedings{mohammadi:2016,
author={Mohammadi, M. and Franchi, A. and Barcelli, D. and Prattichizzo, D.},
booktitle={2016 IEEE/RSJ International Conference on Intelligent Robots and Systems (IROS)},
title={Cooperative aerial tele-manipulation with haptic feedback},
year={2016},
pages={5092-5098},
month={Oct},}

@phdthesis{Fogelberg:2008,
	author		= {Fogelberg, J.},
	title		= {Navigation and Autonomous Control of a Hexacopter in Indoor Environments},
	school		= {Sweden Lund University},
	year		= {2013},
}

@inproceedings{Alaimo:2013,
author={Alaimo, A. and Artale, V. and Milazzo, C. and Ricciardello, A. and Trefiletti, L.},
booktitle={2013 International Conference on Unmanned Aircraft Systems (ICUAS)},
title={Mathematical modeling and control of a hexacopter},
year={2013},
pages={1043-1050},
month={May},}

@inproceedings{Arellano:2013,
author={Arellano-Muro, C. A. and Luque-Vega, L. F. and Castillo-Toledo, B. and Loukianov, A. G.},
booktitle={2013 10th International Conference on Electrical Engineering, Computing Science and Automatic Control (CCE)},
title={Backstepping control with sliding mode estimation for a hexacopter},
year={2013},
pages={31-36},
month={Sept},}

@inproceedings{courbon:2009,
  title={Visual navigation of a quadrotor aerial vehicle},
  author={Courbon, J. and Mezouar, Y. and Guenard, N. and Martinet, P.},
  booktitle={Intelligent Robots and Systems, 2009. IROS 2009. IEEE/RSJ International Conference on},
  pages={5315-5320},
  year={2009},
  organization={IEEE}
}

@inproceedings{sebesta:2012,
  title={Animal-inspired agile flight using optical flow sensing},
  author={Sebesta, K. and Baillieul, J.},
  booktitle={Decision and Control (CDC), 2012 IEEE 51st Annual Conference on},
  pages={3727-3734},
  year={2012},
  organization={IEEE}
}

@inproceedings{Kim:2013,
author={Kim, S. and Choi, S. and Kim, H. J.},
booktitle={2013 IEEE/RSJ International Conference on Intelligent Robots and Systems},
title={Aerial manipulation using a quadrotor with a two DOF robotic arm},
year={2013},
pages={4990-4995},
doi={10.1109/IROS.2013.6697077},
ISSN={2153-0858},
month={Nov},}

@article{li:2013,
  title={Passive and active nonlinear fault-tolerant control of a quadrotor unmanned aerial vehicle based on the sliding mode control technique},
  author={Li, T. and Zhang, Y. and Gordon, B. W.},
  journal={Proceedings of the Institution of Mechanical Engineers, Part I: Journal of Systems and Control Engineering},
  volume={227},
  number={1},
  pages={12--23},
  year={2013},
  publisher={SAGE Publications Sage UK: London, England},
}

@inproceedings{sharifi:2010,
  title={Fault tolerant control of a quadrotor UAV using sliding mode control},
  author={Sharifi, F. and Mirzaei, M. and Gordon, B. W and Zhang, Y.},
  booktitle={Control and Fault-Tolerant Systems (SysTol), 2010 Conference on},
  pages={239-244},
  year={2010},
  organization={IEEE}
}

@misc{website:kuka,
      author = {KUKA},
      title = {{Robotics and Automation}},
      month = {November},
      year = {2016},
      url = "http://www.kuka-robotics.com/en/"
}

@misc{website:abb,
      author = {ABB},
      title = {ABB Group - Leading digital technologies for industry},
      month = {November},
      year = {2016},
      url = "http://new.abb.com/products/robotics/industrial-robots/irb-910sc"
}

@misc{website:toshiba,
      author = {Toshiba},
      title = {Reach for the impossible, achieve the incredible},
      month = {November},
      year = {2016},
      url = "http://www.toshiba-machine.com/departmentlanding.aspx?dept=4"
}

@misc{website:prusa,
      author = {PRUSA},
      title = {PRUSA Research},
      month = {November},
      year = {2016},
      url = "http://www.prusa3d.com/"
}

@misc{website:st,
      author = {ST-Robotics},
      title = {Robotics within reach},
      month = {November},
      year = {2016},
      url = "http://www.strobotics.com/cylindrical-format-robot.htm"
}

@misc{website:codia,
      author = {Codian-Robotics},
      title = {TD pick and place robots},
      month = {November},
      year = {2016},
      url = "http://www.codian-robotics.com/en/td-robots/"
}

@misc{website:dji,
      author = {DJI},
      title = {The future of possible},
      month = {February},
      year = {2017},
      url = "http://www.dji.com"
}
